@article{PhysRevLett.124.037201,
  title = {Isometric Tensor Network States in Two Dimensions},
  author = {Zaletel, Michael P. and Pollmann, Frank},
  journal = {Phys. Rev. Lett.},
  volume = {124},
  issue = {3},
  pages = {037201},
  numpages = {5},
  year = {2020},
  month = {Jan},
  publisher = {American Physical Society},
  doi = {10.1103/PhysRevLett.124.037201},
  url = {https://link.aps.org/doi/10.1103/PhysRevLett.124.037201}
}
