@article{PhysRevLett.124.037201,
  title = {Isometric Tensor Network States in Two Dimensions},
  author = {Zaletel, Michael P. and Pollmann, Frank},
  journal = {Phys. Rev. Lett.},
  volume = {124},
  issue = {3},
  pages = {037201},
  numpages = {5},
  year = {2020},
  month = {Jan},
  publisher = {American Physical Society},
  doi = {10.1103/PhysRevLett.124.037201},
  url = {https://link.aps.org/doi/10.1103/PhysRevLett.124.037201}
}
@article{PhysRevLett.128.010607,
  title = {Sequential Generation of Projected Entangled-Pair States},
  author = {Wei, Zhi-Yuan and Malz, Daniel and Cirac, J. Ignacio},
  journal = {Phys. Rev. Lett.},
  volume = {128},
  issue = {1},
  pages = {010607},
  numpages = {6},
  year = {2022},
  month = {Jan},
  publisher = {American Physical Society},
  doi = {10.1103/PhysRevLett.128.010607},
  url = {https://link.aps.org/doi/10.1103/PhysRevLett.128.010607}
}
@misc{malz2024computational,
      title={Computational complexity of isometric tensor network states}, 
      author={Daniel Malz and Rahul Trivedi},
      year={2024},
      eprint={2402.07975},
      archivePrefix={arXiv},
      primaryClass={quant-ph}
}