@article{PhysRevLett.124.037201,
  title = {Isometric Tensor Network States in Two Dimensions},
  author = {Zaletel, Michael P. and Pollmann, Frank},
  journal = {Phys. Rev. Lett.},
  volume = {124},
  issue = {3},
  pages = {037201},
  numpages = {5},
  year = {2020},
  month = {Jan},
  publisher = {American Physical Society},
  doi = {10.1103/PhysRevLett.124.037201},
  url = {https://link.aps.org/doi/10.1103/PhysRevLett.124.037201}
}
@article{PhysRevLett.128.010607,
  title = {Sequential Generation of Projected Entangled-Pair States},
  author = {Wei, Zhi-Yuan and Malz, Daniel and Cirac, J. Ignacio},
  journal = {Phys. Rev. Lett.},
  volume = {128},
  issue = {1},
  pages = {010607},
  numpages = {6},
  year = {2022},
  month = {Jan},
  publisher = {American Physical Society},
  doi = {10.1103/PhysRevLett.128.010607},
  url = {https://link.aps.org/doi/10.1103/PhysRevLett.128.010607}
}
@misc{malz2024computational,
      title={Computational complexity of isometric tensor network states}, 
      author={Daniel Malz and Rahul Trivedi},
      year={2024},
      eprint={2402.07975},
      archivePrefix={arXiv},
      primaryClass={quant-ph}
}
@misc{liu2024topological,
      title={Topological quantum phase transitions in 2D isometric tensor networks}, 
      author={Yu-Jie Liu and Kirill Shtengel and Frank Pollmann},
      year={2024},
      eprint={2312.05079},
      archivePrefix={arXiv},
      primaryClass={quant-ph}
}
@article{Kos2023circuitsofspacetime,
  doi = {10.22331/q-2023-05-24-1020},
  url = {https://doi.org/10.22331/q-2023-05-24-1020},
  title = {Circuits of space and time quantum channels},
  author = {Kos, Pavel and Styliaris, Georgios},
  journal = {{Quantum}},
  issn = {2521-327X},
  publisher = {{Verein zur F{\"{o}}rderung des Open Access Publizierens in den Quantenwissenschaften}},
  volume = {7},
  pages = {1020},
  month = may,
  year = {2023}
}
@article{PhysRevB.101.094304,
  title = {Exact dynamics in dual-unitary quantum circuits},
  author = {Piroli, Lorenzo and Bertini, Bruno and Cirac, J. Ignacio and Prosen, Toma\ifmmode \check{z}\else \v{z}\fi{}},
  journal = {Phys. Rev. B},
  volume = {101},
  issue = {9},
  pages = {094304},
  numpages = {16},
  year = {2020},
  month = {Mar},
  publisher = {American Physical Society},
  doi = {10.1103/PhysRevB.101.094304},
  url = {https://link.aps.org/doi/10.1103/PhysRevB.101.094304}
}
