@web_page{,
   author = {Walther\{Mei√üner\{Institut},
   title = {Josephson Effects in Superconductors},
   url = {https://www.wmi.badw.de/fileadmin/WMI/Lecturenotes/FOPRA/Manual_FOPRA__16_20211029.pdf},
}
