@article{PhysRevLett.123.210601,
  title = {Exact Correlation Functions for Dual-Unitary Lattice Models in $1+1$ Dimensions},
  author = {Bertini, Bruno and Kos, Pavel and Prosen, Toma\ifmmode \check{z}\else \v{z}\fi{}},
  journal = {Phys. Rev. Lett.},
  volume = {123},
  issue = {21},
  pages = {210601},
  numpages = {6},
  year = {2019},
  month = {Nov},
  publisher = {American Physical Society},
  doi = {10.1103/PhysRevLett.123.210601},
  url = {https://link.aps.org/doi/10.1103/PhysRevLett.123.210601}
}

@unpublished{kos2023circuits,
      title={Circuits of space and time quantum channels}, 
      author={Pavel Kos and Georgios Styliaris},
      year={2023},
      Note={arXiv:2206.12155}
      }